<?xml version="1.0" encoding="UTF-8"?><record xmlns="http://www.loc.gov/MARC21/slim" xmlns:cinclude="http://apache.org/cocoon/include/1.0" xmlns:zs="http://www.loc.gov/zing/srw/">
  <leader>00679nz  a2200157n  4500</leader>
  <controlfield tag="001">no2010109028</controlfield>
  <controlfield tag="003">DLC</controlfield>
  <controlfield tag="005">20100709075406.0</controlfield>
  <controlfield tag="008">100707n| acannaabn          |n aaa     c</controlfield>
  <datafield tag="010" ind1=" " ind2=" ">
    <subfield code="a">no2010109028</subfield>
  </datafield>
  <datafield tag="035" ind1=" " ind2=" ">
    <subfield code="a">(OCoLC)oca08551039</subfield>
  </datafield>
  <datafield tag="040" ind1=" " ind2=" ">
    <subfield code="a">CU-A</subfield>
    <subfield code="b">eng</subfield>
    <subfield code="c">CU-A</subfield>
  </datafield>
  <datafield tag="100" ind1="1" ind2=" ">
    <subfield code="a">Tyler, Walter S.</subfield>
  </datafield>
  <datafield tag="670" ind1=" " ind2=" ">
    <subfield code="a">UCD Emeriti Association oral history interview with Walter S. Tyler, December 4, 2003</subfield>
    <subfield code="b">title frame (Walter S. Tyler)</subfield>
  </datafield>
  <datafield tag="670" ind1=" " ind2=" ">
    <subfield code="a">OCLC, Jul. 6, 2010</subfield>
    <subfield code="b">(hdg: Tyler, Walter S.; Tyler, Walter Steele, 1925- ; usage: Walter S. Tyler, Walter Steele Tyler)</subfield>
  </datafield>
  <datafield tag="670" ind1=" " ind2=" ">
    <subfield code="a">UC Davis General Catalog, Jul. 6, 2010</subfield>
    <subfield code="b">(Anatomy, Physiology, and Cell Biology, Walter S. Tyler, professor emeritus)</subfield>
  </datafield>
</record>